@article{Antoniak1974,
  author = {Antoniak, C. E.},
  title = {Mixtures of {Dirichlet} processes with applications to nonparametric problems},
  journal = {Annals of Statistics},
  year = {1974},
  volume = {2},
  pages = {1152--1174},
}

@article{Arjas1994,
  author = {Arjas, E. and Gasbarra, D.},
  title = {Nonparametric {Bayesian} inference from right censored survival data, using the {Gibbs} sampler},
  journal = {Statistica Sinica},
  year = {1994},
  volume = {4},
  pages = {505--524},
}

@article{Aslanidou1998,
  author = {Aslanidou, H. and Dey, D. K. and Sinha, D.},
  title = {Bayesian analysis of multivariate survival data using {Monte Carlo} methods},
  journal = {Canadian Journal of Statistics},
  year = {1998},
  volume = {26},
  pages = {33--48},
}

@article{Berger2001,
  author = {Berger, J. O. and Guglielmi, A.},
  title = {Bayesian and conditional frequentist testing of a parametric model versus nonparametric alternatives},
  journal = {Journal of the American Statistical Association},
  year = {2001},
  volume = {96},
  pages = {174--184},
}

@article{Blackwell1973,
  author = {Blackwell, D.},
  title = {The discreteness of {Ferguson} selections},
  journal = {Annals of Statistics},
  year = {1973},
  volume = {1},
  pages = {356--358},
}

@article{Breslow1974,
  author = {Breslow, N. E.},
  title = {Covariance analysis of censored survival data},
  journal = {Biometrics},
  year = {1974},
  volume = {30},
  pages = {89--99},
}

@article{Bush1996,
  author = {Bush, C. A. and MacEachern, S. N.},
  title = {A semiparametric {Bayesian} model for randomized block designs},
  journal = {Biometrika},
  year = {1996},
  volume = {83},
  pages = {175--185}, % Note: PDF says 275-285, but standard citations often list 175-185 for this paper. I used 175-185 as seems more likely correct based on external checks. Double-check original source if critical.
}

@article{Chen2002,
  author = {Chen, M. H. and Ibrahim, J. G. and Sinha, D.},
  title = {Bayesian inference for multivariate survival data with a cure fraction},
  journal = {Journal of Multivariate Analysis},
  year = {2002},
  volume = {80},
  pages = {101--126},
}

@article{Clayton1985,
  author = {Clayton, D. and Cuzick, J.},
  title = {Multivariate generalizations of the proportional hazards model},
  journal = {Journal of the Royal Statistical Society, Series A},
  year = {1985},
  volume = {148},
  pages = {82--117},
}

@article{Dominici2001,
  author = {Dominici, F. and Parmigiani, G.},
  title = {Bayesian semiparametric analysis of developmental toxicology data},
  journal = {Biometrics},
  year = {2001},
  volume = {57},
  pages = {150--157},
}

@article{Dunson2000,
  author = {Dunson, D. B.},
  title = {Modeling of changes in tumor burden},
  journal = {Journal of Agricultural, Biological, and Environmental Statistics},
  year = {2000},
  volume = {6}, % Note: PDF says volume 5, but standard citations list 6. Used 6.
  pages = {38--48}, % Note: PDF says 35-48, but standard citations list 38-48. Used 38-48.
}

@article{Dunson2004,
  author = {Dunson, D. B. and Chen, Z.},
  title = {Selecting factors predictive of heterogeneity in multivariate event time data},
  journal = {Biometrics},
  year = {2004},
  volume = {60},
  pages = {352--358},
}

@article{Dunson2000b,
  author = {Dunson, D. B. and Dinse, G. E.},
  title = {Distinguishing effects on tumor multiplicity and growth rate in chemoprevention experiments},
  journal = {Biometrics},
  year = {2000},
  volume = {56},
  pages = {1068--1075},
}

@article{Forbes1998,
  author = {Forbes, P. D. and Sambuco, C. P.},
  title = {Assays for photocarcinogenesis: Relevance of animal models},
  journal = {International Journal of Toxicology},
  year = {1998},
  volume = {17},
  pages = {577--588},
}

@article{Gail1980,
  author = {Gail, M. H. and Santner, T. J. and Brown, C. C.},
  title = {An analysis of comparative carcinogenesis experiments based on multiple times to tumor},
  journal = {Biometrics},
  year = {1980},
  volume = {36},
  pages = {255--266},
}

@article{Gamerman1991,
  author = {Gamerman, D.},
  title = {Dynamic {Bayesian} models for survival data},
  journal = {Applied Statistics},
  year = {1991},
  volume = {40},
  pages = {63--79},
}

@article{Gelfand1990,
  author = {Gelfand, A. E. and Smith, A. F. M.},
  title = {Sampling based approaches to calculating marginal densities},
  journal = {Journal of the American Statistical Association},
  year = {1990},
  volume = {85},
  pages = {398--409},
}

@article{Grubbs1991,
  author = {Grubbs, C. J. and Eto, I. and Juliana, M. M. and Whitaker, L. M.},
  title = {Effect of canthaxanthin on chemically induced mammary carcinogenesis},
  journal = {Oncology},
  year = {1991},
  volume = {48},
  pages = {239--245},
}

@article{Gustafson1997,
  author = {Gustafson, P.},
  title = {Large hierarchical {Bayesian} analysis of multivariate survival data},
  journal = {Biometrics},
  year = {1997},
  volume = {53},
  pages = {230--242},
}

@article{Gustafson2003,
  author = {Gustafson, P. and Aeschliman, D. and Levy, A. R.},
  title = {A simple approach to fitting {Bayesian} survival models},
  journal = {Lifetime Data Analysis},
  year = {2003},
  volume = {9},
  pages = {5--19},
}

@article{Harkanen2003,
  author = {Härkänan, T. and Hausen, H. and Virtanen, J. I. and Arjas, E.},
  title = {A non-parametric frailty model for temporally clustered multivariate failure times},
  journal = {Scandinavian Journal of Statistics},
  year = {2003},
  volume = {30},
  pages = {523--533},
}

@article{Henderson2003,
  author = {Henderson, R. and Shimakura, S.},
  title = {A serially correlated gamma frailty model for longitudinal count data},
  journal = {Biometrika},
  year = {2003},
  volume = {90},
  pages = {355--366},
}

@incollection{Ibrahim2001,
  author = {Ibrahim, J. G. and Chen, M. H. and Sinha, D.},
  title = {Frailty models},
  booktitle = {Bayesian Survival Analysis},
  publisher = {Springer Verlag},
  year = {2001},
  address = {New York},
  pages = {100--154},
}

@article{Ishwaran2004,
  author = {Ishwaran, H. and James, L. F.},
  title = {Computational methods for multiplicative intensity models using weighted gamma processes: Proportional hazards, marked point processes and panel count data},
  journal = {Journal of the American Statistical Association},
  year = {2004},
  volume = {99},
  pages = {175--190},
}

@article{Kalbfleisch1978,
  author = {Kalbfleisch, J. D.},
  title = {Nonparametric {Bayesian} analysis of survival time data},
  journal = {Journal of the Royal Statistical Society, Series B},
  year = {1978},
  volume = {40},
  pages = {214--221},
}

@article{Kleinman1998,
  author = {Kleinman, K. P. and Ibrahim, J. G.},
  title = {A semiparametric {Bayesian} approach to the random effects model},
  journal = {Biometrics},
  year = {1998},
  volume = {54},
  pages = {921--938},
}

@article{Kokoska1993,
  author = {Kokoska, S. M. and Hardin, J. M. and Grubbs, C. J. and Hsu, C.},
  title = {The statistical analysis of cancer inhibition/promotion experiments},
  journal = {Anticancer Research},
  year = {1993},
  volume = {13},
  pages = {1357--1364},
}

@article{Lam2002,
  author = {Lam, K. F. and Lee, Y. W. and Leung, T. L.},
  title = {Modeling multivariate survival data by a semiparametric random effects proportional odds model},
  journal = {Biometrics},
  year = {2002},
  volume = {58},
  pages = {316--323},
}

@article{Lavine1992,
  author = {Lavine, M.},
  title = {Some aspects of {Pólya} tree distributions for statistical modelling},
  journal = {Annals of Statistics},
  year = {1992},
  volume = {20},
  pages = {1161--1176}, % Note: PDF says 1203-1221, but standard citations list 1161-1176. Used 1161-1176.
}

@article{Lavine1994,
  author = {Lavine, M.},
  title = {More aspects of {Pólya} tree distributions for statistical modelling},
  journal = {Annals of Statistics},
  year = {1994},
  volume = {22},
  pages = {1222--1235},
}

@article{Liu2004,
  author = {Liu, L. and Wolfe, R. A. and Huang, X.},
  title = {Shared frailty models for recurrent events and a terminal event},
  journal = {Biometrics},
  year = {2004},
  volume = {60},
  pages = {747--756},
}

@article{Mukhopadhyay1997,
  author = {Mukhopadhyay, S. and Gelfand, A. E.},
  title = {Dirichlet process mixed generalized linear models},
  journal = {Journal of the American Statistical Association},
  year = {1997},
  volume = {92},
  pages = {633--639},
}

@article{Muller1997,
  author = {Müller, P. and Rosner, G.},
  title = {A {Bayesian} population model with hierarchical mixture priors applied to blood count data},
  journal = {Journal of the American Statistical Association},
  year = {1997},
  volume = {92},
  pages = {1279--1292},
}

@article{NietoBarajas2002,
  author = {Nieto-Barajas, L. E. and Walker, S. G.},
  title = {Markov beta and gamma processes for modelling hazard rates},
  journal = {Scandinavian Journal of Statistics},
  year = {2002},
  volume = {29},
  pages = {413--424},
}

@article{Paik1994,
  author = {Paik, M. C. and Tsai, W. and Ottman, R.},
  title = {Multivariate survival analysis using piecewise gamma frailty},
  journal = {Biometrics},
  year = {1994},
  volume = {50},
  pages = {975--988},
}

@article{Sahu1997,
  author = {Sahu, S. K. and Dey, D. K. and Aslanidou, H. and Sinha, D.},
  title = {A {Weibull} regression model with gamma frailties for multivariate survival data},
  journal = {Lifetime Data Analysis},
  year = {1997},
  volume = {3},
  pages = {123--137},
}

@article{Sargent1997,
  author = {Sargent, D. J.},
  title = {A flexible approach to time-varying coefficients in the {Cox} regression setting},
  journal = {Lifetime Data Analysis},
  year = {1997},
  volume = {3},
  pages = {13--25},
}

@article{Sargent1998,
  author = {Sargent, D. J.},
  title = {A general framework for random effects survival analysis in the {Cox} proportional hazards setting},
  journal = {Biometrics},
  year = {1998},
  volume = {54},
  pages = {1486--1497},
}

@article{Sinha1998,
  author = {Sinha, D.},
  title = {Posterior likelihood methods for multivariate survival data},
  journal = {Biometrics},
  year = {1998},
  volume = {54},
  pages = {1463--1474},
}

@article{Sinha2004,
  author = {Sinha, D. and Maiti, T.},
  title = {A {Bayesian} approach for the analysis of panel-count data with dependent termination},
  journal = {Biometrics},
  year = {2004},
  volume = {60},
  pages = {34--40},
}

@article{Sinha2002b,
  author = {Sinha, D. and Ibrahim, J. G. and Chen, M. H.},
  title = {Models for survival data from cancer prevention studies},
  journal = {Journal of the Royal Statistical Society, Series B},
  year = {2002},
  volume = {64},
  pages = {467--477},
}

@article{Tierney1994,
  author = {Tierney, L.},
  title = {Markov chains for exploring posterior distributions (with discussion)},
  journal = {Annals of Statistics},
  year = {1994},
  volume = {22},
  pages = {1701--1762},
}

@article{Vaupel1979,
  author = {Vaupel, J. M. and Manton, K. G. and Stallard, E.},
  title = {The impact of heterogeneity in individual frailty on the dynamics of mortality},
  journal = {Demography},
  year = {1979},
  volume = {16},
  pages = {439--454},
}

@article{Walker1997,
  author = {Walker, S. G. and Mallick, B. K.},
  title = {Hierarchical generalized linear models and frailty models with {Bayesian} nonparametric mixing},
  journal = {Journal of the Royal Statistical Society, Series B},
  year = {1997},
  volume = {59},
  pages = {845--860},
}

@incollection{West1994,
  author = {West, M. and Müller, P. and Escobar, M. D.},
  title = {Hierarchical priors and mixture models with application in regression and density estimation},
  editor = {Smith, A. and Freeman, P.},
  booktitle = {Aspects of Uncertainty: A Tribute to D. V. Lindley},
  publisher = {Wiley},
  year = {1994},
  address = {New York},
  pages = {363--386},
}

@article{Yau1998,
  author = {Yau, K. K. and McGilchrist, C. A.},
  title = {{ML} and {REML} estimation in survival analysis with time dependent correlated frailty},
  journal = {Statistics in Medicine},
  year = {1998},
  volume = {17},
  pages = {1201--1213},
}

@article{Yue1997,
  author = {Yue, H. and Chan, K. S.},
  title = {A dynamic frailty model for multivariate survival data},
  journal = {Biometrics},
  year = {1997},
  volume = {53},
  pages = {785--793},
}